@article{Dietz2017,
author = {Dietz, C. and Kretz, T. and Thoma, M. H.},
doi = {10.1103/PhysRevE.96.011301},
journal = {Phys. Rev. E},
number = {1},
pages = {1--5},
title = {{Machine-learning approach for local classification of crystalline structures in multiphase systems}},
volume = {96},
year = {2017}
}
@article{Reinhart2017,
author = {Reinhart, Wesley F. and Long, Andrew W. and Howard, Michael P. and Ferguson, Andrew L. and Panagiotopoulos, Athanassios Z.},
doi = {10.1039/C7SM00957G},
journal = {Soft Matter},
number = {27},
pages = {4733--4745},
publisher = {Royal Society of Chemistry},
title = {{Machine learning for autonomous crystal structure identification}},
url = {http://xlink.rsc.org/?DOI=C7SM00957G},
volume = {13},
year = {2017}
}
@incollection{Kramer2016,
author = {Kramer, Oliver},
booktitle = {Mach. Learn. Evol. Strateg.},
doi = {10.1007/978-3-319-33383-0_5},
title = {{Scikit-Learn}},
year = {2016}
}
